%% This BibTeX bibliography file was created using BibDesk.
%% https://bibdesk.sourceforge.io/

%% Created for 王社英 at 2020-02-23 19:13:53 +0800 


%% Saved with string encoding Unicode (UTF-8) 



@book{xgbbook,
	Date-Added = {2020-02-23 19:07:28 +0800},
	Date-Modified = {2020-02-23 19:11:57 +0800},
	Publisher = {何龙},
	Title = {深入理解XGBoost：高效机器学习算法与进阶},
	Year = {2020-01-01}}

@inproceedings{Chen2016XGBoost,
	Author = {Chen, Tianqi and Guestrin, Carlos},
	Booktitle = {Proceedings of the 22nd ACM SIGKDD International Conference on Knowledge Discovery and Data Mining},
	Date-Added = {2020-02-23 17:52:59 +0800},
	Date-Modified = {2020-02-23 17:52:59 +0800},
	Title = {XGBoost: A Scalable Tree Boosting System},
	Year = {2016}}
